
@misc{royalco2020,
	title = {Royal {C}ommission of {I}nquiry into the terrorist attack on {C}hristchurch {M}asjidain on 15 {M}arch 2019},
	year = {2020},
	date = {2020},
	url = {https://christchurchattack.royalcommission.nz},
	langid = {en-NZ}
}

@misc{worldle2019,
	title = {World leaders condemn New Zealand mosque attacks},
	year = {2019},
	date = {2019},
	url = {https://www.aljazeera.com/news/2019/3/15/the-world-reacts-to-new-zealand-mosque-attacks},
	langid = {en}
}

@misc{jacinda2019b,
	title = {Jacinda {A}rdern on the {C}hristchurch shooting: 'One of {N}ew {Z}ealand's darkest days'},
	year = {2019},
	month = {03},
	date = {2019-03-15},
	url = {https://www.theguardian.com/world/2019/mar/15/one-of-new-zealands-darkest-days-jacinda-ardern-responds-to-christchurch-shooting},
	langid = {australian}
}

@misc{rahman2019,
	title = {Islamic {W}omen's {C}ouncil repeatedly lobbied to stem discrimination},
	author = {Rahman, Anjum},
	year = {2019},
	date = {2019},
	url = {https://www.rnz.co.nz/news/on-the-inside/384911/islamic-women-s-council-repeatedly-lobbied-to-stem-discrimination}
}

@article{sibley2020,
	title = {Prejudice toward {M}uslims in {N}ew {Z}ealand: Insights from the {N}ew {Z}ealand {A}ttitudes and {V}alues {S}tudy.},
	author = {Sibley, Chris G. and Afzali, M. Usman and Satherley, Nicole and Ejova, Anastasia and Stronge, Samantha and Yogeeswaran, Kumar and Grimshaw, Michael and Hawi, Diala and Mirnajafi, Zahra and Barlow, Fiona Kate},
	year = {2020},
	date = {2020},
	journal = {New Zealand Journal of Psychology},
	volume = {49},
	number = {1},
	note = {Number: 1}
}

@misc{islamoph2022,
	title = {Islamophobia after {C}hristchurch terror attacks quadrupled - {A}ustralian report},
	year = {2022},
	date = {2022},
	url = {https://www.rnz.co.nz/news/national/463304/islamophobia-after-christchurch-terror-attacks-quadrupled-australian-report}
}

@article{bulbulia2023,
	title = {Long-term causal effects of far-right terrorism in New Zealand},
	author = {Bulbulia, Joseph A and Afzali, M Usman and Yogeeswaran, Kumar and Sibley, Chris G},
	editor = {Gelfand, M},
	year = {2023},
	month = {08},
	date = {2023-08-01},
	journal = {PNAS Nexus},
	volume = {2},
	number = {8},
	doi = {10.1093/pnasnexus/pgad242},
	url = {http://dx.doi.org/10.1093/pnasnexus/pgad242},
	langid = {en}
}

@article{shanaah2021,
	title = {Hate Begets Warmth? The Impact of an Anti-{M}uslim Terrorist Attack on Public Attitudes toward {M}uslims},
	author = {Shanaah, Sadi and Yogeeswaran, Kumar and Greaves, Lara and Bulbulia, Joseph A. and Osborne, Danny and Afzali, M. Usman and Sibley, Chris G.},
	year = {2021},
	date = {2021},
	journal = {Terrorism and Political Violence},
	pages = {1{\textendash}19},
	note = {Publisher: Taylor & Francis}
}
